<?xml version="1.0" encoding="UTF-8"?><record xmlns="http://www.loc.gov/MARC21/slim" xmlns:cinclude="http://apache.org/cocoon/include/1.0" xmlns:zs="http://www.loc.gov/zing/srw/">
  <leader>00472cz  a2200133n  4500</leader>
  <controlfield tag="001">n  81065428 </controlfield>
  <controlfield tag="003">DLC</controlfield>
  <controlfield tag="005">20141208095717.0</controlfield>
  <controlfield tag="008">810706n| azannaab           |n aaa      </controlfield>
  <datafield tag="010" ind1=" " ind2=" ">
    <subfield code="a">n  81065428 </subfield>
  </datafield>
  <datafield tag="040" ind1=" " ind2=" ">
    <subfield code="a">DLC</subfield>
    <subfield code="b">eng</subfield>
    <subfield code="e">rda</subfield>
    <subfield code="c">DLC</subfield>
    <subfield code="d">DLC</subfield>
  </datafield>
  <datafield tag="046" ind1=" " ind2=" ">
    <subfield code="f">1932</subfield>
  </datafield>
  <datafield tag="100" ind1="1" ind2=" ">
    <subfield code="a">Bode, Hans,</subfield>
    <subfield code="d">1932-</subfield>
  </datafield>
  <datafield tag="670" ind1=" " ind2=" ">
    <subfield code="a">His Die Textinhalte in den Grundschen Französischlehrbüchern, 1980:</subfield>
    <subfield code="b">t.p. (Hans Bode) cover p. 4 (b. 1932 in Lübeck; Oberstudiendirektor u. Leiter d. Katharineums zu Lübeck)</subfield>
  </datafield>
</record>